<record><leader>00000cas a22000007a 4500</leader><controlfield tag="001">2702487</controlfield><controlfield tag="008">770126d18771877azuir ne      0   a0eng  </controlfield><datafield ind1=" " ind2=" " tag="010"><subfield code="a">sn 84021914 </subfield><subfield code="z">   76646226 </subfield></datafield><datafield ind1=" " ind2=" " tag="040"><subfield code="a">DLC</subfield><subfield code="b">eng</subfield><subfield code="c">DLC</subfield><subfield code="d">PPM</subfield><subfield code="d">YOX</subfield><subfield code="d">ANU</subfield><subfield code="d">OCL</subfield><subfield code="d">CNK</subfield><subfield code="d">ANN</subfield><subfield code="d">OCLCO</subfield><subfield code="d">OCLCQ</subfield><subfield code="d">OCLCF</subfield><subfield code="d">CUS</subfield><subfield code="d">CUI</subfield></datafield><datafield ind1=" " ind2=" " tag="019"><subfield code="a">15805685</subfield><subfield code="a">15805768</subfield></datafield><datafield ind1=" " ind2=" " tag="042"><subfield code="a">msc</subfield></datafield><datafield ind1=" " ind2=" " tag="043"><subfield code="a">n-us-az</subfield></datafield><datafield ind1="0" ind2="0" tag="050"><subfield code="a">Newspaper 7069-X</subfield></datafield><datafield ind1=" " ind2="4" tag="050"><subfield code="a">AN</subfield></datafield><datafield ind1="0" ind2=" " tag="130"><subfield code="a">Arizona star (Tucson, Ariz. : 1877)</subfield></datafield><datafield ind1="1" ind2="4" tag="245"><subfield code="a">The Arizona star.</subfield></datafield><datafield ind1=" " ind2=" " tag="260"><subfield code="a">Tucson, Pima County, Ariz. :</subfield><subfield code="b">Tully &amp; Hughes</subfield></datafield><datafield ind1=" " ind2=" " tag="300"><subfield code="a">v. ;</subfield><subfield code="c">61 cm.</subfield></datafield><datafield ind1=" " ind2=" " tag="310"><subfield code="a">Triweekly</subfield></datafield><datafield ind1=" " ind2=" " tag="336"><subfield code="a">text</subfield><subfield code="b">txt</subfield><subfield code="2">rdacontent</subfield></datafield><datafield ind1=" " ind2=" " tag="337"><subfield code="a">unmediated</subfield><subfield code="b">n</subfield><subfield code="2">rdamedia</subfield></datafield><datafield ind1=" " ind2=" " tag="338"><subfield code="a">volume</subfield><subfield code="b">nc</subfield><subfield code="2">rdacarrier</subfield></datafield><datafield ind1="1" ind2=" " tag="362"><subfield code="a">Began Mar. 29, 1877; ceased June 1877.</subfield></datafield><datafield ind1=" " ind2=" " tag="500"><subfield code="a">"Democratic." Cf. Lutrell, E. Newspapers and periodicals of Ariz, 1950.</subfield></datafield><datafield ind1=" " ind2=" " tag="588"><subfield code="a">Description based on: Vol. 1, no. 2 (Mar. 31, 1877).</subfield></datafield><datafield ind1=" " ind2="0" tag="651"><subfield code="a">Tucson (Ariz.)</subfield><subfield code="v">Newspapers.</subfield></datafield><datafield ind1=" " ind2="0" tag="651"><subfield code="a">Pima County (Ariz.)</subfield><subfield code="v">Newspapers.</subfield></datafield><datafield ind1=" " ind2="7" tag="651"><subfield code="a">Arizona</subfield><subfield code="z">Pima County.</subfield><subfield code="2">fast</subfield><subfield code="0">(OCoLC)fst01205717</subfield></datafield><datafield ind1=" " ind2="7" tag="651"><subfield code="a">Arizona</subfield><subfield code="z">Tucson.</subfield><subfield code="2">fast</subfield><subfield code="0">(OCoLC)fst01205454</subfield></datafield><datafield ind1=" " ind2="7" tag="655"><subfield code="a">Newspapers.</subfield><subfield code="2">fast</subfield><subfield code="0">(OCoLC)fst01423814</subfield></datafield><datafield ind1=" " ind2=" " tag="752"><subfield code="a">United States</subfield><subfield code="b">Arizona</subfield><subfield code="c">Pima</subfield><subfield code="d">Tucson.</subfield></datafield><datafield ind1="0" ind2=" " tag="775"><subfield code="t">Arizona weekly star (Tucson, Ariz. : 1879)</subfield><subfield code="w">(DLC)sn 96060574</subfield></datafield><datafield ind1="0" ind2="0" tag="780"><subfield code="t">Daily bulletin</subfield><subfield code="w">(DLC)sn 95060693</subfield></datafield><datafield ind1="0" ind2="0" tag="785"><subfield code="t">Arizona weekly star (Tucson, Ariz. : 1877)</subfield><subfield code="w">(DLC)sn 96060574</subfield></datafield><datafield ind1="4" ind2="1" tag="856"><subfield code="z">05/03/1877 to 06/16/1877</subfield><subfield code="u">http://infoweb.newsbank.com/?db=EANX&amp;s_browseRef=decades/10FD1D17C1210C18/all.xml</subfield></datafield><datafield ind1="1" ind2=" " tag="029"><subfield code="a">AU@</subfield><subfield code="b">000020347073</subfield></datafield></record>